<?xml version="1.0" encoding="UTF-8"?><collection xmlns="http://www.loc.gov/MARC21/slim"><record><leader>00336nam--2200121-i-4500</leader><controlfield tag="001">000003063</controlfield><controlfield tag="002">20161230</controlfield><controlfield tag="005">20161230201025</controlfield><controlfield tag="008">060222s1000------------r-----000-0-eng-d</controlfield><datafield ind1=" " ind2=" " tag="100"><subfield code="a">Bluh, Otto</subfield></datafield><datafield ind1=" " ind2=" " tag="245"><subfield code="a">Elder, j.d</subfield></datafield><datafield ind1=" " ind2=" " tag="260"><subfield code="a">Principles And Applications Of Physics</subfield></datafield><datafield ind1=" " ind2=" " tag="490"><subfield code="a">Edinburgh, Oliver And Boyd, 1955. Xiv + 866 P. Cu Fig. + 9 Pl</subfield></datafield></record></collection>